@String{j-TUGboat               = "TUGboat"}

@Article{bouche,
  author =       "Thierry Bouche",
  title =        "{Diversity in math fonts}",
  journal =      j-TUGboat,
  volume =       "19",
  number =       "2",
  pages =        "120--134",
  month =        jun,
  year =         "1998",
  ISSN =         "0896-3207",
}
@Article{mathkit,
  author =       "Alan Hoenig",
  title =        "{{{\it MathKit\/}: Alternatives to Computer Modern
                 Mathematics}}",
  journal =      j-TUGboat,
  volume =       "20",
  number =       "3",
  pages =        "282--289",
  month =        sep,
  year =         "1999",
  ISSN =         "0896-3207",
  bibdate =      "Sat Jul 5 17:27:22 MDT 2003",
}
@BOOK{cte,
    AUTHOR = "Donald Erwin Knuth",
    TITLE  = "Computers \& Typesetting",
    PUBLISHER = "Addison-Wesley Publishing Company",
    YEAR = 1986,
    VOLUME = "E --- Computer Modern Typefaces",
    ISBN = "0-201-13446-2",
}

@unpublished{lehman,
    title="The Font Installation Guide",
    author = "Philipp Lehman",
    year = 2004,
    month = apr,
}

@book{plrm,
    title="The {PostScript} Language Reference Manual",
    edition="Third",
    author="{Adobe Systems Incorporated}",
    publisher="Addison-Wesley Publishing Company",
    year=1999,
    isbn="0-201-37922-8",
}
